<record><leader>01268cam a2200325 a 4500</leader><controlfield tag="001">1367064</controlfield><controlfield tag="008">910325s1985    vaua     b        0 eng c</controlfield><datafield ind1=" " ind2=" " tag="020"><subfield code="a">0933937024</subfield></datafield><datafield ind1=" " ind2=" " tag="035"><subfield code="a">ocm12980315</subfield></datafield><datafield ind1=" " ind2=" " tag="040"><subfield code="b">eng</subfield></datafield><datafield ind1=" " ind2=" " tag="043"><subfield code="a">p------</subfield></datafield><datafield ind1=" " ind2=" " tag="049"><subfield code="a">AEU</subfield><subfield code="b">eng</subfield></datafield><datafield ind1=" " ind2="4" tag="050"><subfield code="a">QH541.5S3</subfield><subfield code="b">H9 1985</subfield></datafield><datafield ind1="0" ind2=" " tag="090"><subfield code="a">QH 541.5 S3 H995 1985</subfield></datafield><datafield ind1="0" ind2="0" tag="245"><subfield code="a">Hydrothermal vents of the eastern Pacific :</subfield><subfield code="b">an overview /</subfield><subfield code="c">Meredith L. Jones, editor, sponsored by: the National Science Foundation ... [et al.].</subfield></datafield><datafield ind1=" " ind2=" " tag="260"><subfield code="a">Vienna, Va. :</subfield><subfield code="b">INFAX Corp.,</subfield><subfield code="c">1985.</subfield></datafield><datafield ind1=" " ind2=" " tag="300"><subfield code="a">vii, 547 p. :</subfield><subfield code="b">ill. ;</subfield><subfield code="c">26 cm. +</subfield><subfield code="e">1 index.</subfield></datafield><datafield ind1=" " ind2=" " tag="336"><subfield code="a">text</subfield><subfield code="b">txt</subfield><subfield code="2">rdacontent</subfield></datafield><datafield ind1=" " ind2=" " tag="337"><subfield code="a">unmediated</subfield><subfield code="b">n</subfield><subfield code="2">rdamedia</subfield></datafield><datafield ind1=" " ind2=" " tag="338"><subfield code="a">volume</subfield><subfield code="b">nc</subfield><subfield code="2">rdacarrier</subfield></datafield><datafield ind1="1" ind2=" " tag="490"><subfield code="a">Bulletin of the Biological Society of Washington.</subfield><subfield code="v">no. 6</subfield></datafield><datafield ind1=" " ind2=" " tag="500"><subfield code="a">Index in pocket.</subfield></datafield><datafield ind1=" " ind2=" " tag="504"><subfield code="a">Includes bibliographies.</subfield></datafield><datafield ind1=" " ind2=" " tag="596"><subfield code="a">38</subfield></datafield><datafield ind1=" " ind2="0" tag="650"><subfield code="a">Marine ecology</subfield><subfield code="z">Pacific Ocean.</subfield></datafield><datafield ind1=" " ind2="0" tag="650"><subfield code="a">Hydrothermal vent ecology</subfield><subfield code="z">Pacific Ocean.</subfield></datafield><datafield ind1=" " ind2="0" tag="650"><subfield code="a">Hydrothermal vents</subfield><subfield code="z">Pacific Ocean.</subfield></datafield><datafield ind1="1" ind2=" " tag="700"><subfield code="a">Jones, Meredith L.</subfield></datafield><datafield ind1=" " ind2="0" tag="830"><subfield code="a">Bulletin of the Biological Society of Washington. ;</subfield><subfield code="v">no. 6.</subfield></datafield><datafield ind1=" " ind2=" " tag="926"><subfield code="a">QH 541.5 S3 H995 1985</subfield><subfield code="w">LC</subfield><subfield code="c">1</subfield><subfield code="i">000036143899</subfield><subfield code="d">4/2/2013</subfield><subfield code="e">3/30/2013</subfield><subfield code="l">ON_SHELF</subfield><subfield code="m">UABARD</subfield><subfield code="n">14</subfield><subfield code="p">$150.00</subfield><subfield code="r">Y</subfield><subfield code="s">Y</subfield><subfield code="t">BOOK</subfield><subfield code="u">4/15/1991</subfield><subfield code="o">.STAFF. A55447</subfield></datafield></record>